@inproceedings{AFT:CDEG23,
  author    = {Chiang, James Hsin-yu and David, Bernardo and Eyal, Ittay and Gong, Tiantian},
  title     = {{FairPoS: Input Fairness in Permissionless Consensus}},
  booktitle = {5th Conference on Advances in Financial Technologies (AFT 2023)},
  pages     = {10:1--10:23},
  series    = {Leibniz International Proceedings in Informatics (LIPIcs)},
  isbn      = {978-3-95977-303-4},
  issn      = {1868-8969},
  year      = {2023},
  volume    = {282},
  editor    = {Bonneau, Joseph and Weinberg, S. Matthew},
  publisher = {Schloss Dagstuhl -- Leibniz-Zentrum f{\"u}r Informatik},
  address   = {Dagstuhl, Germany},
  doi       = {10.4230/LIPIcs.AFT.2023.10}
}

@inproceedings{AFT:VK23,
  author    = {Vafadar, Mohammad Amin and Khabbazian, Majid},
  title     = {{Condorcet Attack Against Fair Transaction Ordering}},
  booktitle = {5th Conference on Advances in Financial Technologies (AFT 2023)},
  pages     = {15:1--15:21},
  series    = {Leibniz International Proceedings in Informatics (LIPIcs)},
  isbn      = {978-3-95977-303-4},
  issn      = {1868-8969},
  year      = {2023},
  volume    = {282},
  editor    = {Bonneau, Joseph and Weinberg, S. Matthew},
  publisher = {Schloss Dagstuhl -- Leibniz-Zentrum f{\"u}r Informatik},
  address   = {Dagstuhl, Germany},
  doi       = {10.4230/LIPIcs.AFT.2023.15}
}

@inproceedings{ACCS:KDK22,
  author    = {Mahimna Kelkar and Soubhik Deb and Sreeram Kannan},
  editor    = {Jason Paul Cruz and Naoto Yanai},
  title     = {Order-Fair Consensus in the Permissionless Setting},
  booktitle = {{APKC} '22: Proceedings of the 9th {ACM} on {ASIA} Public-Key Cryptography  Workshop, APKC@AsiaCCS 2022, Nagasaki, Japan, 30 May 2022},
  pages     = {3--14},
  publisher = {{ACM}},
  year      = {2022},
  doi       = {10.1145/3494105.3526239}
}

@inproceedings{TOKENOMICS:MalSza22,
  author    = {Malkhi, Dahlia and Szalachowski, Pawel},
  title     = {{Maximal Extractable Value (MEV) Protection on a DAG}},
  booktitle = {4th International Conference on Blockchain Economics, Security and Protocols (Tokenomics 2022)},
  pages     = {6:1--6:17},
  series    = {Open Access Series in Informatics (OASIcs)},
  isbn      = {978-3-95977-274-7},
  issn      = {2190-6807},
  year      = {2023},
  volume    = {110},
  editor    = {Amoussou-Guenou, Yackolley and Kiayias, Aggelos and Verdier, Marianne},
  publisher = {Schloss Dagstuhl -- Leibniz-Zentrum f{\"u}r Informatik},
  address   = {Dagstuhl, Germany},
  doi       = {10.4230/OASIcs.Tokenomics.2022.6}
}

@inproceedings{OSDI:ZSCZA20,
  author    = {Zhang, Yunhao and Setty, Srinath and Chen, Qi and Zhou, Lidong and Alvisi, Lorenzo},
  title     = {Byzantine Ordered Consensus without Byzantine Oligarchy},
  year      = {2020},
  isbn      = {978-1-939133-19-9},
  publisher = {USENIX Association},
  address   = {USA},
  booktitle = {Proceedings of the 14th USENIX Conference on Operating Systems Design and Implementation},
  articleno = {36},
  numpages  = {17}
}

@inproceedings{IWQOS:SokRot20,
  author    = {Yaakov Sokolik and Ori Rottenstreich},
  title     = {Age-aware Fairness in Blockchain Transaction Ordering},
  booktitle = {28th {IEEE/ACM} International Symposium on Quality of Service, IWQoS 2020, Hangzhou, China, June 15-17, 2020},
  pages     = {1--9},
  publisher = {{IEEE}},
  year      = {2020},
  doi       = {10.1109/IWQOS49365.2020.9212952}
}

@inproceedings{AFT:Kursawe20,
  author    = {Kursawe, Klaus},
  title     = {Wendy, the Good Little Fairness Widget: Achieving Order Fairness for Blockchains},
  year      = {2020},
  isbn      = {9781450381390},
  publisher = {Association for Computing Machinery},
  address   = {New York, NY, USA},
  doi       = {10.1145/3419614.3423263},
  booktitle = {Proceedings of the 2nd ACM Conference on Advances in Financial Technologies},
  pages     = {25--36},
  numpages  = {12},
  location  = {New York, NY, USA},
  series    = {AFT '20}
}

@inproceedings{FSTTCS:JKLSS19,
  author    = {Pallavi Jain and Lawqueen Kanesh and William Lochet and Saket Saurabh and Roohani Sharma},
  title     = {{Exact and Approximate Digraph Bandwidth}},
  booktitle = {39th IARCS Annual Conference on Foundations of Software Technology and Theoretical Computer Science (FSTTCS 2019)},
  pages     = {18:1--18:15},
  series    = {Leibniz International Proceedings in Informatics (LIPIcs)},
  isbn      = {978-3-95977-131-3},
  issn      = {1868-8969},
  year      = {2019},
  volume    = {150},
  editor    = {Arkadev Chattopadhyay and Paul Gastin},
  publisher = {Schloss Dagstuhl--Leibniz-Zentrum fuer Informatik},
  address   = {Dagstuhl, Germany},
  doi       = {10.4230/LIPIcs.FSTTCS.2019.18}
}

@inproceedings{ICNP:ACGLRTY18,
  author    = {Avi Asayag and Gad Cohen and Ido Grayevsky and Maya Leshkowitz and Ori Rottenstreich and Ronen Tamari and David Yakira},
  title     = {A Fair Consensus Protocol for Transaction Ordering},
  booktitle = {2018 {IEEE} 26th International Conference on Network Protocols, {ICNP}
               2018, Cambridge, UK, September 25-27, 2018},
  pages     = {55--65},
  publisher = {{IEEE} Computer Society},
  year      = {2018},
  doi       = {10.1109/ICNP.2018.00016}
}

@inproceedings{DSN:DuaReiZha17,
  author    = {Sisi Duan and Michael K. Reiter and Haibin Zhang},
  title     = {Secure Causal Atomic Broadcast, Revisited},
  booktitle = {47th Annual {IEEE/IFIP} International Conference on Dependable Systems and Networks, {DSN} 2017, Denver, CO, USA, June 26-29, 2017},
  pages     = {61--72},
  publisher = {{IEEE} Computer Society},
  year      = {2017},
  doi       = {10.1109/DSN.2017.64}
}

@article{TOCS:BFKKT12,
  author  = {Bodlaender, Hans L. and Fomin, Fedor V. and Koster, Arie M. C. A. and Kratsch, Dieter and Thilikos, Dimitrios M.},
  title   = {A Note on Exact Algorithms for Vertex Ordering Problems on Graphs},
  journal = {Theory of Computing Systems},
  year    = {2012},
  month   = {Apr},
  volume  = {50},
  number  = {3},
  pages   = {420-432},
  issn    = {1433-0490},
  doi     = {10.1007/s00224-011-9312-0}
}

@article{JCSS:DFU11,
  author  = {Chandan K. Dubey and Uriel Feige and Walter Unger},
  title   = {Hardness results for approximating the bandwidth},
  journal = {J. Comput. Syst. Sci.},
  volume  = {77},
  number  = {1},
  pages   = {62--90},
  year    = {2011},
  doi     = {10.1016/J.JCSS.2010.06.006}
}

@inproceedings{CygPil08,
  author    = {Marek Cygan and Marcin Pilipczuk},
  editor    = {Hajo Broersma and Thomas Erlebach and Tom Friedetzky and Dani{\"{e}}l Paulusma},
  title     = {Faster Exact Bandwidth},
  booktitle = {Graph-Theoretic Concepts in Computer Science, 34th International Workshop, {WG} 2008, Durham, UK, June 30 - July 2, 2008. Revised Papers},
  series    = {Lecture Notes in Computer Science},
  volume    = {5344},
  pages     = {101--109},
  year      = {2008},
  doi       = {10.1007/978-3-540-92248-3\_10}
}

@misc{Nak08,
  author = {Satoshi Nakamoto},
  title  = {Bitcoin: A Peer-to-Peer Electronic Cash System},
  year   = {2008},
  month  = {Dec},
  url    = {https://bitcoin.org/bitcoin.pdf}
}

@article{AAM:Alon02,
  author  = {Noga Alon},
  title   = {Voting paradoxes and digraphs realizations},
  journal = {Adv. Appl. Math.},
  volume  = {29},
  number  = {1},
  pages   = {126--135},
  year    = {2002},
  doi     = {10.1016/S0196-8858(02)00007-6}
}

@inproceedings{SWAT:Feige00,
  author    = {Uriel Feige},
  editor    = {Magn{\'{u}}s M. Halld{\'{o}}rsson},
  title     = {Coping with the NP-Hardness of the Graph Bandwidth Problem},
  booktitle = {Algorithm Theory - {SWAT} 2000, 7th Scandinavian Workshop on Algorithm
               Theory, Bergen, Norway, July 5-7, 2000, Proceedings},
  series    = {Lecture Notes in Computer Science},
  volume    = {1851},
  pages     = {10--19},
  publisher = {Springer Berlin Heidelberg},
  address   = {Berlin, Heidelberg},
  year      = {2000},
  doi       = {10.1007/3-540-44985-X\_2}
}

@article{TOPLAS:ReiBir94,
  author  = {Michael K. Reiter and Kenneth P. Birman},
  title   = {How to Securely Replicate Services},
  journal = {{ACM} Trans. Program. Lang. Syst.},
  volume  = {16},
  number  = {3},
  pages   = {986--1009},
  year    = {1994},
  doi     = {10.1145/177492.177745}
}

@article{CSUR:Schneider90,
  author    = {Schneider, Fred B.},
  title     = {Implementing fault-tolerant services using the state machine approach: a tutorial},
  year      = {1990},
  publisher = {Association for Computing Machinery},
  address   = {New York, NY, USA},
  volume    = {22},
  number    = {4},
  issn      = {0360-0300},
  doi       = {10.1145/98163.98167},
  journal   = {ACM Comput. Surv.},
  month     = {dec},
  pages     = {299--319},
  numpages  = {21}
}

@article{JGT:CCDG82,
  author    = {P. Z. Chinn and J. Chv{\'{a}}talov{\'{a}} and A. K. Dewdney and N. E. Gibbs},
  title     = {The bandwidth problem for graphs and matrices{\textemdash}a survey},
  journal   = {J. Graph Theory},
  volume    = {6},
  number    = {3},
  pages     = {223--254},
  year      = {1982},
  publisher = {Wiley},
  doi       = {10.1002/JGT.3190060302}
}

@article{SIAMMAX:Saxe80,
  author  = {James B. Saxe},
  title   = {Dynamic-Programming Algorithms for Recognizing Small-Bandwidth Graphs
             in Polynomial Time},
  journal = {{SIAM} J. Algebraic Discret. Methods},
  volume  = {1},
  number  = {4},
  pages   = {363--369},
  year    = {1980},
  doi     = {10.1137/0601042}
}

@book{Bollobas78,
  title     = {Extremal Graph Theory},
  author    = {Bollob{\'a}s, B{\'e}ela.},
  isbn      = {9780121117504},
  lccn      = {lc77076680},
  series    = {L.M.S. monographs},
  year      = {1978},
  publisher = {Academic Press}
}

@article{Papadimitriou76,
  author  = {Papadimitriou, Ch. H.},
  title   = {The NP-Completeness of the bandwidth minimization problem},
  journal = {Computing},
  year    = {1976},
  month   = {Sep},
  volume  = {16},
  number  = {3},
  pages   = {263-270},
  issn    = {1436-5057},
  doi     = {10.1007/BF02280884}
}

@article{ErdMos64,
  title   = {On the representation of directed graphs as unions of orderings},
  author  = {Erd\H{o}s, Paul and Moser, Leo},
  journal = {Math. Inst. Hung. Acad. Sci},
  volume  = {9},
  pages   = {125--132},
  year    = {1964}
}

@article{Stearns59,
  author    = {Richard Stearns},
  title     = {The Voting Problem},
  journal   = {The American Mathematical Monthly},
  volume    = {66},
  number    = {9},
  pages     = {761-763},
  year      = {1959},
  publisher = {Taylor & Francis},
  doi       = {10.1080/00029890.1959.11989405}
}

@article{McGarvey53,
  issn      = {00129682, 14680262},
  author    = {David C. McGarvey},
  journal   = {Econometrica},
  number    = {4},
  pages     = {608--610},
  publisher = {[Wiley, Econometric Society]},
  title     = {A Theorem on the Construction of Voting Paradoxes},
  volume    = {21},
  year      = {1953},
  doi       = {10.2307/1907926}
}
